<?xml version="1.0" encoding="UTF-8"?>
<record xmlns="http://www.loc.gov/MARC21/slim" xmlns:xsi="http://www.w3.org/2001/XMLSchema-instance" xsi:schemaLocation="http://www.loc.gov/MARC21/slim http://www.loc.gov/standards/marcxml/schema/MARC21slim.xsd">
<leader>00000cam a22      a 4500</leader>
<controlfield tag="001">001676643</controlfield>
<controlfield tag="003">NNU</controlfield>
<controlfield tag="005">20150325174418.0</controlfield>
<controlfield tag="008">850304s197u    ti            000 1 ara d</controlfield>
<datafield tag="010" ind1=" " ind2=" ">
<subfield code="a">   78961841</subfield>
</datafield>
<datafield tag="035" ind1=" " ind2=" ">
<subfield code="a">(OCoLC)16111773</subfield>
<subfield code="z">(OCoLC)16894278</subfield>
<subfield code="z">(OCoLC)23487854</subfield>
</datafield>
<datafield tag="040" ind1=" " ind2=" ">
<subfield code="a">PAU</subfield>
<subfield code="b">eng</subfield>
<subfield code="c">PAU</subfield>
<subfield code="d">CGU</subfield>
<subfield code="d">EYM</subfield>
<subfield code="d">DLC</subfield>
<subfield code="d">OSU</subfield>
<subfield code="d">OCLCQ</subfield>
<subfield code="d">NNU</subfield>
</datafield>
<datafield tag="050" ind1=" " ind2="4">
<subfield code="a">PJ7846.A58</subfield>
<subfield code="b">A5 1978</subfield>
</datafield>
<datafield tag="100" ind1="1" ind2=" ">
<subfield code="a">Mannāʻ, ʻAbd Allāh</subfield>
<subfield code="6">880-01</subfield>
</datafield>
<datafield tag="245" ind1="1" ind2="0">
<subfield code="6">880-02</subfield>
<subfield code="a">Anīn al-ḥayārá /</subfield>
<subfield code="c">taʼlīf ʻAbd Allāh Mannāʻ.</subfield>
</datafield>
<datafield tag="260" ind1=" " ind2=" ">
<subfield code="6">880-03</subfield>
<subfield code="a">[Tūnis] :</subfield>
<subfield code="b">al-Sharikah al-Tūnsīyah lil-Tawzīʻ,</subfield>
<subfield code="c">[197-]</subfield>
</datafield>
<datafield tag="300" ind1=" " ind2=" ">
<subfield code="a">77 pages ;</subfield>
<subfield code="c">20 cm.</subfield>
</datafield>
<datafield tag="336" ind1=" " ind2=" ">
<subfield code="a">text</subfield>
<subfield code="b">txt</subfield>
<subfield code="2">rdacontent</subfield>
</datafield>
<datafield tag="337" ind1=" " ind2=" ">
<subfield code="a">unmediated</subfield>
<subfield code="b">n</subfield>
<subfield code="2">rdamedia</subfield>
</datafield>
<datafield tag="338" ind1=" " ind2=" ">
<subfield code="a">volume</subfield>
<subfield code="b">nc</subfield>
<subfield code="2">rdacarrier</subfield>
</datafield>
<datafield tag="490" ind1="1" ind2=" ">
<subfield code="6">880-04</subfield>
<subfield code="a">al-Kitāb al-ʻArabī al-Saʻūdī ;</subfield>
<subfield code="v">al-ʻadad 1</subfield>
</datafield>
<datafield tag="500" ind1=" " ind2=" ">
<subfield code="a">Essays and short stories.</subfield>
</datafield>
<datafield tag="776" ind1="0" ind2="8">
<subfield code="i">Online version:</subfield>
<subfield code="a">Mannāʻ, ʻAbd Allāh.</subfield>
<subfield code="t">Anīn al-ḥayārá.</subfield>
<subfield code="d">[Tūnis] : al-Sharikah al-Tūnsīyah lil-Tawzīʻ, [197-]</subfield>
<subfield code="w">(OCoLC)557631339</subfield>
</datafield>
<datafield tag="880" ind1="1" ind2=" ">
<subfield code="6">100-01/</subfield>
<subfield code="a">مناع، عبد الله.</subfield>
</datafield>
<datafield tag="880" ind1="1" ind2="0">
<subfield code="6">245-02/</subfield>
<subfield code="a">أنين الحيارى /</subfield>
<subfield code="c">تأليف عبد الله مناع.</subfield>
</datafield>
<datafield tag="880" ind1=" " ind2=" ">
<subfield code="6">260-03/</subfield>
<subfield code="a">[تونس] :</subfield>
<subfield code="b">الشركة التونسية للتوزيع،</subfield>
<subfield code="c">[197-]</subfield>
</datafield>
<datafield tag="880" ind1="1" ind2=" ">
<subfield code="6">490-04/</subfield>
<subfield code="a">الكتاب العربي السعودي ؛</subfield>
<subfield code="v">العدد 1</subfield>
</datafield>
<datafield tag="830" ind1=" " ind2="0">
<subfield code="6">880-05</subfield>
<subfield code="a">Kitāb al-ʻArabī al-Saʻūdī (Tunis, Tunisia) ;</subfield>
<subfield code="v">al-ʻadad 1.</subfield>
</datafield>
<datafield tag="880" ind1=" " ind2="0">
<subfield code="6">830-05/</subfield>
<subfield code="a">كتاب العربي السعودي (Tunis, Tunisia) ؛ ;</subfield>
<subfield code="v">العدد 1.</subfield>
</datafield>
<datafield tag="OWN" ind1=" " ind2=" ">
<subfield code="a">GENERAL</subfield>
</datafield>
<datafield tag="AVA" ind1=" " ind2=" ">
<subfield code="a">NYU50</subfield>
<subfield code="b">BOBST</subfield>
<subfield code="c">Main Collection</subfield>
<subfield code="d">PJ7846.A5487 A5 1978</subfield>
<subfield code="e">unavailable</subfield>
<subfield code="t">Unavailable</subfield>
<subfield code="f">1</subfield>
<subfield code="g">1</subfield>
<subfield code="h">N</subfield>
<subfield code="i">0</subfield>
<subfield code="j">MAIN</subfield>
<subfield code="k">0</subfield>
</datafield>
</record>
